%% This BibTeX bibliography file was created using BibDesk.
%% http://bibdesk.sourceforge.net/


%% Created for Timon HÃ¶bert at 2013-09-17 18:57:14 +0200 


%% Saved with string encoding Unicode (UTF-8) 



@book{tanenbaum2007verteilte,
	Author = {Tanenbaum, A.S. and Van Steen, M.},
	Date-Added = {2013-05-31 06:07:13 +0000},
	Date-Modified = {2013-05-31 06:07:13 +0000},
	Isbn = {9783827372932},
	Publisher = {Addison Wesley Verlag},
	Series = {Pearson Studium},
	Title = {Verteilte Systeme: Prinzipien und Paradigmen},
	Url = {http://books.google.at/books?id=V6I6PQAACAAJ},
	Year = {2007},
	Bdsk-Url-1 = {http://books.google.at/books?id=V6I6PQAACAAJ}
}

@misc{top10FEFW2016,
  author = {CODY ARSENAULT},
  title = {{Top 10 Front-End Frameworks of 2016}},
  howpublished = "\url{https://www.keycdn.com/blog/front-end-frameworks/}",
  year = {2016}, 
  note = "[Online; accessed 05-03-2018]"
}

@misc{22bestResponsive,
  author = {aizaz-ahmad, Prathamesh Koshti, supreme96},
  title = {{What are Frameworks? 22 Best Responsive CSS Frameworks for Web Design}},
  howpublished = "\url{https://www.awwwards.com/what-are-frameworks-22-best-responsive-css-frameworks-for-web-design.html}",
  year = {2017}, 
  note = "[Online; accessed 05-03-2018]"
}

@misc{bootstrap,
  author = {Bootstrap},
  title = {{Bootstrap-Framework}},
  howpublished = "\url{https:https://getbootstrap.com/}",
  year = {2017}, 
  note = "[Online; accessed 05-03-2018]"
}

@misc{uikit,
  author = {Foundation},
  title = {{Foundation-Framework}},
  howpublished = "\url{https://foundation.zurb.com/}",
  year = {2017}, 
  note = "[Online; accessed 05-03-2018]"
}

@misc{foundation,
  author = {UIkit},
  title = {{UIkit-Framework}},
  howpublished = "\url{https://getuikit.com/}",
  year = {2017}, 
  note = "[Online; accessed 05-03-2018]"
}

@misc{chartFrameworksComparasin,
  author = {Adil Baaj},
  title = {{Compare the Best Javascript Chart Libraries}},
  howpublished = "\url{https://blog.sicara.com/compare-best-javascript-chart-libraries-2017-89fbe8cb112d}",
  year = {2017}, 
  note = "[Online; accessed 05-03-2018]"
}

@misc{ips,
  author = {Adobe Systems Incorporated},
  title = {{THE FUTURE OF POSTSCRIPT LANGUAGE TECHNOLOGY FROM ADOBE SYSTEMS}},
  howpublished = "\url{http://www.pdf-aktuell.ch/d/pdf/aktuell/details/ips.pdf}",
  year = {1991}, 
  note = "[Online; accessed 04-03-2018]"
}

@misc{iso32000,
  author = {International Organization for Standardization},
  title = {{ISO 32000-1:2008}},
  howpublished = "\url{https://www.iso.org/standard/51502.html}",
  year = {2008}, 
  note = "[Online; accessed 04-03-2018]"
}

@misc{isoadobe,
  author = {Adobe Systems Incorporated},
  title = {{PDF Reference and Adobe Extensions to the PDF Specification}},
  howpublished = "\url{https://www.adobe.com/devnet/pdf/pdf_reference.html}",
  year = {2008}, 
  note = "[Online; accessed 04-03-2018]"
}

@misc{tutorial,
  author = {Artem Tabalin},
  title = {{Create Offline Web Apps Using Service Workers \& PouchDB}},
  howpublished = "\url{https://www.sitepoint.com/offline-web-apps-service-workers-pouchdb/}",
  year = {2017}, 
  note = "[Online; accessed 16-04-2018]"
}

@misc{offlinefirstarticle,
  author =  {Pedro Teixeira},
  title = {{Build More Reliable Web Apps with Offline-First Principles}},
  howpublished = "\url{https://thenewstack.io/build-better-customer-experience-applications-using-offline-first-principles/}",
  year = {2016}, 
  note = "[Online; accessed 16-04-2018]"
}

@misc{syncgateway,
  author =  {Couchbase},
  title = {{Couchbase Sync Gateway}},
  howpublished = "\url{https://www.couchbase.com/products/sync-gateway}",
  year = {2018}, 
  note = "[Online; accessed 16-04-2018]"
}

@misc{pouchdbintro,
  author =  {PouchDB},
  title = {{Introduction to PouchDB}},
  howpublished = "\url{https://pouchdb.com/guides/}",
  year = {2018}, 
  note = "[Online; accessed 16-04-2018]"
}

@misc{couchdbsyncprot,
  author =  {Apache Software Foundation},
  title = {{CouchDB Replication Protocol}},
  howpublished = "\url{http://docs.couchdb.org/en/master/replication/protocol.html}",
  year = {2018}, 
  note = "[Online; accessed 16-04-2018]"
}

@misc{offlinefirst,
  title = {{Offline First}},
  howpublished = "\url{http://offlinefirst.org/}",
  year = {2018}, 
  note = "[Online; accessed 16-04-2018]"
}

@misc{syncgatewaytutorial,
  author = {Peter Mbanugo},
  title = {{Using PouchDB and Couchbase in an Offline-First Application}},
  howpublished = "\url{https://www.codementor.io/pmbanugo/using-pouchdb-and-couchbase-in-an-offline-first-application-5pw2sxs6o}",
  year = {Mar 08, 2017}, 
  note = "[Online; accessed 16-04-2018]"
}

@misc{serviceworker,
  author = {Matt Gaunt},
  title = {{ Service Workers: an Introduction }},
  howpublished = "\url{https://developers.google.com/web/fundamentals/primers/service-workers/}",
  year = {Mar 29, 2018}, 
  note = "[Online; accessed 16-04-2018]"
}

@misc{serviceworkertutorial,
  author = {Ryan Chenkie},
  title = {{Creating Offline-First Web Apps with Service Workers}},
  howpublished = "\url{https://auth0.com/blog/creating-offline-first-web-apps-with-service-workers/}",
  year = {October 30, 2015}, 
  note = "[Online; accessed 16-04-2018]"
}

@misc{realtimedb,
  author = {Google},
  title = {{Firebase Realtime Database}},
  howpublished = "\url{https://firebase.google.com/docs/database/}",
  year = {April 13, 2018}, 
  note = "[Online; accessed 17-04-2018]"
}

@misc{firebaseexample,
  author = {Raja Tamil},
  title = {{Firebase CRUD Web App with Javascript}},
  howpublished = "\url{http://softauthor.com/learn-to-build-firebase-crud-app-with-javascript-part01-reading-data/}",
  year = {Mar 24, 2018}, 
  note = "[Online; accessed 17-04-2018]"
}

@misc{fetch,
  author = {fscholz},
  title = {{FetchEvent}},
  howpublished = "\url{https://developer.mozilla.org/en-US/docs/Web/API/FetchEvent}",
  year = {Feb 13, 2018}, 
  note = "[Online; accessed 17-04-2018]"
}

@misc{appcache,
  author = {Eric Bidelman},
  title = {{A Beginner's Guide to Using the Application Cache}},
  howpublished = "\url{https://www.html5rocks.com/en/tutorials/appcache/beginner/}",
  year = {June 18, 2010}, 
  note = "[Online; accessed 17-04-2018]"
}

@misc{sworkerusage,
  title = {{Service Worker Browser Support}},
  howpublished = "\url{https://caniuse.com/#feat=serviceworkers}",
  year = {17-04-2018}, 
  note = "[Online; accessed 17-04-2018]"
}

@misc{cors,
  author = {The Apache Software Foundation},
  title = {{CouchDB CORS}},
  howpublished = "\url{http://docs.couchdb.org/en/1.3.0/cors.html}",
  year = {2013}, 
  note = "[Online; accessed 17-04-2018]"
}

